%%% Months
@string{JAN = "January"}
@string{FEB = "February"}
@string{MAR = "March"}
@string{APR = "April"}
@string{MAY = "May"}
@string{JUN = "June"}
@string{JUL = "July"}
@string{AUG = "August"}
@string{SEP = "September"}
@string{OCT = "October"}
@string{NOV = "November"}
@string{DEC = "December"}

%%% Journals
@string{PIEEE = "Proceedings of the IEEE"}
@string{IEEEJSAC = "IEEE J. Selected Areas in Communications"}
@string{IEEETN = "IEEE/ACM Trans. Networking"}
@string{IEEETCOM = "IEEE Trans. Communications"}
@string{IEEETCOMP = "IEEE Transactions on Computers"}
@string{IEEETIT = "IEEE Trans. Information Theory"}
@string{INTERNETWORK = "Journal of Internetworking: Research and
Experience"}
@string{IJDACS = "International Journal on Digital and Analog Communication
Systems"}
@string{IJCS = "International Journal on Communication Systems"}
@string{ACMTCS = "ACM Trans. Computer Systems"}
@string{JACM = "J. of the ACM"}
@string{MTA = "Multimedia Tools and Applications"}
@string{CC = "Computer Communications"}
@string{IPJ = "Internet Protocol Journal"}
%%% Magazines
@string{CACM = "Communications of the ACM"}
@string{COMPUTER = "IEEE Computer Magazine"}
@string{IEEECOM = "IEEE Communication Magazine"}
@string{IEEENET = "IEEE Network Magazine"}
@string{CCR = "ACM SIGCOMM Computer Communications Review"}

%%% Conferences
@string{NIPS = "Proc. Neural Information Processing Systems"}
@string{OAKLAND = "Proc. IEEE Symposium on Security and Privacy"}
@string{MIDDLEWARE = "Proc. ACM Middleware"}
@string{SODA = "Proc. ACM-SIAM Symposium on Discrete Algorithms (SODA)"}
@string{OSDI = "Proc. OSDI"}
@string{NANOG = "Proc. North American Network Operators Group"}
@string{INFOCOM = "Proc. IEEE INFOCOM"}
@string{IMC = "Proc. Internet Measurement Conference"}
@string{GLOBECOM = "Proc. IEEE GLOBECOM"}
@string{GINET = "Proc. IEEE Global Internet Symposium"}
@string{INET = "Proc. INET"}
@string{SOSP = "Proc. Symposium on Operating Systems Principles"}
@string{SPIN = "Proc. SPIN Workshop on Model Checking of Software"}
@string{SIGMETRICS = "Proc. of SIGMETRICS"}
@string{HOTDEP="Proc. HotDep"}
@string{HSNMC="Proc. High Speed Networking and Multimedia Computing Symp."}
@string{ICNP = "Proc. {IEEE} {ICNP}"}
@string{ICC = "Proc. International Conference on Communications"}
@string{FTCS = "Proc. International Symposium on Fault-Tolerant Computing"}
@string{ITCOM = "Proc. Workshop on Scalability and Traffic Control in IP
Networks, SPIE ITCOM Conference"}
@string{IMW = "Proc. Internet Measurement Workshop"}
@string{PAM = "Proc. Passive and Active Measurement"}
@string{USENIX-SECURITY = "Proc. Usenix Security"}
@string{CCS = "Proc. {ACM} {CCS}"}
@string{STOC = "Proc. ACM Symposium on Theory of Computing"}
@string{NSDI = "Proc. of {NSDI}"}
@string{USITS = "Proc. USITS"}
@string{CONEXT="Proc. of CoNEXT"}
@string{SIGMOD="Proc. ACM SIGMOD"}
@string{SPAA="Proc. ACM Symposium on Parallel Algorithms and Architectures"}
@string{FDNA="Proc. ACM SIGCOMM Workshop on Future Directions in Network Architecture"}
@string{IJCAI = "Proc. International Joint Conference on Artificial Intelligence"}
@string{PRESTO = "Proc. ACM SIGCOMM Workshop on Programmable Routers for the Extensible Services of Tomorrow (PRESTO)"}
@string{RTAS = "Proc. IEEE Real Time Technology and Applications Symposium"}
@string{ANCS = "Proc. of ANCS"}
@string{HOTNETS = "Proc. of HotNets"}
@string{HOTSDN = "Proc. of HotSDN"}

%%% Publishers
@string{AW="Addison-Wesley"}
@string{CP="Cisco Press"}
@string{PH="Prentice Hall"}
@string{OR="O'Reilly"}
@string{MK="Morgan Kaufmann"}
@string{SPRINGER="Springer"}

@String{psigcomm88 = "Proc. of  SIGCOMM"}
@String{psigcomm90 = "Proc. of  SIGCOMM"}
@String{psigcomm01 = "Proc. of  SIGCOMM"}
@String{psigcomm02 = "Proc. of  SIGCOMM"}
@String{psigcomm03 = "Proc. of  SIGCOMM"}
@String{psigcomm05 = "Proc. of  SIGCOMM"}
@String{psigcomm06 = "Proc. of  SIGCOMM"}
@String{psigcomm07 = "Proc. of  SIGCOMM"}
@String{psigcomm08 = "Proc. of  SIGCOMM"}
@String{psigcomm09 = "Proc. of  SIGCOMM"}
@string{SIGCOMM = "Proc. of SIGCOMM"}
@String{photnets08 = "Proc. of 7th ACM SIGCOMM Workshop on Hot Topics in Networks~(Hotnets-VII)"}
@String{photnets09 = "Proc. of 8th ACM SIGCOMM Workshop on Hot Topics in Networks~(Hotnets-VIII)"}

@String{pacmmm98 = "Proc. of the Sixth ACM International Conference on Multimedia"}
@String{p2sonsdi = "Proc. of NSDI~'05"}
@String{p3sonsdi = "Proc. of NSDI~'06"}
@String{p4sonsdi = "Proc. of NSDI~'07"}
@String{p5sonsdi = "Proc. of NSDI~'08"}
@String{sj = {{S}an {J}ose, {CA}}}
@String{sf = {{S}an {F}rancisco, {CA}}}
@String{philadelphia = {{P}hiladelphia, {PA}}}
@String{pittsburgh = {{P}ittsburgh, {PA}}}
@String{pisa = {{Pisa, Italy}}}
@String{bristoluk = {{Bristol, England}}}
@String{cambridgema = {{C}ambridge, {MA}}}
@String{seattle = {{S}eattle, {WA}}}
@String{stanford = {{S}tanford, {CA}}}
@String{ietf = {{IETF}}}
@String{irtf = {{IRTF}}}
@String{rfc = {{RFC}}}
@string{TON="{IEEE/ACM Transactions on Networking}"}
@string{TOCS="{ACM Transactions on Computer Systems}"}



@inproceedings{devoflow,
  title={DevoFlow: Scaling flow management for high-performance networks},
  author={Curtis, Andrew R and Mogul, Jeffrey C and Tourrilhes, Jean and Yalagandula, Praveen and Sharma, Puneet and Banerjee, Sujata},
  booktitle=SIGCOMM,
  year={2011},
  organization={ACM}
}

@inproceedings{opensketch,
  title={Software defined traffic measurement with OpenSketch},
  author={Yu, Minlan and Jose, Lavanya and Miao, Rui},
  booktitle=NSDI,
  year={2013}
}

@misc{ntt-traffic,
 author = {NTT},
 title = {{About Our Network}},
 note   = {\url{http://www.us.ntt.net/about/ipmap.cfm}},
}

@misc{blog,
  key={{Comcast}},
  title={{10 Facts About Peering, Comcast and Level 3}},
  note={\url{http://blog.comcast.com/}},
  year=2010,
  month=nov
}

@misc{akamai-traffic,
 author = {Akamai},
 title = {{Facts \& Figures}},
note   = {\url{http://www.akamai.com/html/about/facts_figures.html}},
}


@MISC{joyenthttp,
  title = {HTTP Parser},
  howpublished = {\url{https://github.com/joyent/http-parser}},
  key = {joyenthttp},
  year = {2014}
}

@article{minlan,
  title={Scalable flow-based networking with DIFANE},
  author={Yu, Minlan and Rexford, Jennifer and Freedman, Michael J and Wang, Jia},
  journal=CCR,
  volume={41},
  number={4},
  pages={351--362},
  year={2011},
  publisher={ACM}
}

@inproceedings{mogul,
  title={Hey, you darned counters!: get off my ASIC!},
  author={Mogul, Jeffrey C and Congdon, Paul},
  booktitle={Proc. HotSDN},
  pages={25--30},
  year={2012},
  organization={ACM}
}

@MISC{martinblogpost,
  title = {OpenStack and Network Virtualization},
  howpublished = {\url{https://blogs.vmware.com/vmware/2013/04/openstack-and-network-virtualization.html}},
  key = {martinblogpost},
  author = {Casado, Martin},
  type = {Blog},
  year = {2013}
}


@inproceedings{rethinkingforwarding,
    author = {Martin Casado and Teemu Koponen and Daekyeong Moon and Scott Shenker},
    title = {{Rethinking Packet Forwarding Hardware}},
    booktitle = {In Proc. HotNets},
    year = {2008}
}

@article{vineyard,
 author = {Chowdhury, Mosharaf and Rahman, Muntasir Raihan and Boutaba, Raouf},
 title = {{ViNEYard: virtual network embedding algorithms with coordinated node and link mapping}},
 journal = IEEETN,
 year = {2012},
} 


@article{lu2006efficient,
  title={Efficient mapping of virtual networks onto a shared substrate},
  author={Lu, Jing and Turner, Jonathan},
  journal={Washington University in St. Louis, Tech. Rep},
  year={2006}
}

@inproceedings{zhu2006algorithms,
  title={Algorithms for assigning substrate network resources to virtual network components},
  author={Zhu, Yong and Ammar, Mostafa},
  booktitle=INFOCOM,
  year={2006}
}

@MISC{vxlan,
  title = {{VXLAN: A Framework for Overlaying Virtualized Layer 2 Networks over Layer 3 Networks}},
  howpublished = {\url{http://tools.ietf.org/html/draft-mahalingam-dutt-dcops-vxlan-04}},
  key = {vxlan},
}


@MISC{nvgre,
  title = {{NVGRE: Network Virtualization using Generic Routing Encapsulation}},
  howpublished = {\url{http://tools.ietf.org/html/draft-sridharan-virtualization-nvgre-03}},
  key = {nvgre},
}

@article{flown,
  title={Scalable network virtualization in software-defined networks},
  author={Drutskoy, Dmitry and Keller, Eric and Rexford, Jennifer},
  year={2012},
  journal={IEEE Internet Computing},
}


@inproceedings{niccolini2012power,
  title={Building a power-proportional software router},
  author={Niccolini, Luca and Iannaccone, Gianluca and Ratnasamy, Sylvia and Chandrashekar, Jaideep and Rizzo, Luigi},
  booktitle={Proceedings of the 2012 USENIX conference on Annual Technical Conference (Berkeley, CA, USA, 2012), USENIX ATC},
  volume={12},
  pages={8--8},
  year={2012}
}

@misc{vyatta,
 key = {Vyatta},
title = {{Vyatta Dell860}},
note   = {\url{http://www.vyatta.com/products/vyatta\_appliance\_datasheet.pdf}},
}

@misc{6wind,
 key = {6wind},
 title = {{6WINDGate}},
 note   = {\url{http://www.6wind.com/products}},
}


@misc{windriver,
 key = {windriver},
title = {{Wind River Open Network Software}},
note   = {\url{http://www.windriver.com/announces/open-network-software/}},
}


@article{xorp,
  title={XORP: An open platform for network research},
  author={Handley, Mark and Hodson, Orion and Kohler, Eddie},
  journal=CCR,
  volume={33},
  number={1},
  pages={53--57},
  year={2003},
  publisher={ACM}
}


@inproceedings{megapipe,
  title={MegaPipe: a new programming interface for scalable network I/O},
  author={Han, Sangjin and Marshall, Scott and Chun, Byung-Gon and Ratnasamy, Sylvia},
  booktitle={Proceedings of the 10th USENIX conference on Operating Systems Design and Implementation},
  pages={135--148},
  year={2012},
  organization={USENIX Association}
}


@inproceedings{widiger2008impact,
  title={On the Impact of Caching for high Performance Packet Classifiers},
  author={Widiger, Harald and Tockhorn, Andreas and Timmermann, Dirk},
  booktitle={Global Telecommunications Conference, 2008. IEEE GLOBECOM 2008. IEEE},
  pages={1--5},
  year={2008},
  organization={IEEE}
}

% Luigi papers
@article{rizzo2012revisiting,
  title={Revisiting network I/O APIs: the netmap framework},
  author={Rizzo, Luigi},
  journal={Communications of the ACM},
  volume={55},
  number={3},
  pages={45--51},
  year={2012},
  publisher={ACM}
}

@article{checconi2012qfq,
  title={QFQ: Efficient packet scheduling with tight guarantees},
  author={Checconi, Fabio and Rizzo, Luigi and Valente, Paolo},
  year={2012},
  publisher={IEEE}
}

@article{zec2012dxr,
  title={DXR: towards a billion routing lookups per second in software},
  author={Zec, Marko and Rizzo, Luigi and Mikuc, Miljenko},
  journal={ACM SIGCOMM Computer Communication Review},
  volume={42},
  number={5},
  pages={29--36},
  year={2012},
  publisher={ACM}
}

@inproceedings{geraci2005packet,
  title={Packet classification via improved space decomposition techniques},
  author={Geraci, Filippo and Pellegrini, Marco and Pisati, Paolo and Rizzo, Luigi},
  booktitle={INFOCOM 2005. 24th Annual Joint Conference of the IEEE Computer and Communications Societies. Proceedings IEEE},
  volume={1},
  pages={304--312},
  year={2005},
  organization={IEEE}
}

% end 

% Frenetic papers

@article{frenetic,
  title={Frenetic: A network programming language},
  author={Foster, Nate and Harrison, Rob and Freedman, Michael J and Monsanto, Christopher and Rexford, Jennifer and Story, Alec and Walker, David},
  journal={ACM SIGPLAN Notices},
  volume={46},
  number={9},
  pages={279--291},
  year={2011},
  publisher={ACM}
}

@article{foster2013languages,
  title={Languages for software-defined networks},
  author={Foster, Nate and Guha, Arjun and Reitblatt, Mark and Story, Alec and Freedman, Michael J and Katta, Naga Praveen and Monsanto, Christopher and Reich, Joshua and Rexford, Jennifer and Schlesinger, Cole and others},
  journal={Communications Magazine, IEEE},
  volume={51},
  number={2},
  pages={128--134},
  year={2013},
  publisher={IEEE}
}

@inproceedings{guha2013machine,
  title={Machine-verified network controllers.},
  author={Guha, Arjun and Reitblatt, Mark and Foster, Nate},
  booktitle={PLDI},
  pages={483--494},
  year={2013}
}


@inproceedings{pyretic,
  Author = {Monsanto, Christopher and Reich, Joshua and Foster, Nate and Rexford, Jennifer and Walker, David},
  Booktitle = {{USENIX NSDI}},
  Title = {{Composing Software-Defined Networks}},
  Year = {2013}
}


@inproceedings{reitblatt2012abstractions,
  title={Abstractions for network update},
  author={Reitblatt, Mark and Foster, Nate and Rexford, Jennifer and Schlesinger, Cole and Walker, David},
  booktitle=SIGCOMM,
  pages={323--334},
  year={2012},
  organization={ACM}
}

@inproceedings{monsanto2012compiler,
  title={A compiler and run-time system for network programming languages},
  author={Monsanto, Christopher and Foster, Nate and Harrison, Rob and Walker, David},
  booktitle={ACM SIGPLAN Notices},
  volume={47},
  pages={217--230},
  year={2012},
  organization={ACM}
}

@inproceedings{consistentupdate,
  title={Consistent updates for software-defined networks: Change you can believe in!},
  author={Reitblatt, Mark and Foster, Nate and Rexford, Jennifer and Walker, David},
  booktitle={Proceedings of the 10th ACM Workshop on Hot Topics in Networks},
  pages={7},
  year={2011},
  organization={ACM}
}

@inproceedings{gutz2012splendid,
  title={Splendid isolation: A slice abstraction for software-defined networks},
  author={Gutz, Stephen and Story, Alec and Schlesinger, Cole and Foster, Nate},
  booktitle=HOTSDN,
  pages={79--84},
  year={2012},
  organization={ACM}
}


@inproceedings{katta2012logic,
  title={Logic programming for software-defined networks},
  author={Katta, Naga Praveen and Rexford, Jennifer and Walker, David},
  booktitle={Workshop on Cross-Model Design and Validation (XLDI)},
  year={2012}
}

% end of Frenetic papers

@inproceedings{voellmy2013maple,
  title={Maple: simplifying SDN programming using algorithmic policies},
  author={Voellmy, Andreas and Wang, Junchang and Yang, Y Richard and Ford, Bryan and Hudak, Paul},
  booktitle=SIGCOMM,
  pages={87--98},
  year={2013},
  organization={ACM}
}

@inproceedings{loo2006declarative,
 title={Declarative networking: language, execution and optimization},
 author={Loo, Boon Thau and Condie, Tyson and Garofalakis, Minos and Gay, David E and Hellerstein, Joseph M and Maniatis, Petros and Ramakrishnan, Raghu and Roscoe, Timothy and Stoica, Ion},
 booktitle=SIGMOD,
 pages={97--108},
 year={2006},
 organization={ACM}
}

@inproceedings{kandoo,
  title={Kandoo: a framework for efficient and scalable offloading of control applications},
  author={Hassas Yeganeh, Soheil and Ganjali, Yashar},
  booktitle=HOTSDN,
  year={2012},
}

@article{handley,
 author = {Wischik, Damon and Handley, Mark and Braun, Marcelo Bagnulo},
 title = {{The Resource Pooling Principle}},
 journal = CCR,
     month = OCT,
     year = 2008,
 volume = {38},
 number = {5},

}

@inproceedings{laurent1,
      author = {Norbert Egi and Adam Greenhalgh and mark Handley and Mickael Hoerdt and Felipe Huici and Laurent Mathy},
      title = {{Towards High Performance Virtual Routers on Commodity Hardware}},
      booktitle = CONEXT,
      year = 2008
}


@inproceedings{laurent2,
        author = {Norbert Egi and Adam Greenhalgh and mark Handley and Mickael Hoerdt and Felipe Huici and Laurent Mathy},
        title = {{Fairness Issues in Software Virtual Routers}},
        booktitle = PRESTO,
        address = {Seattle, WA, USA},
        month = {August},
        year = 2008
}

@inproceedings{pktshader,
    title={{PacketShader: a GPU-accelerated Software Router}},
    author={Sangjin Han and Keon Jang and KyoungSoo Park and Sue Moon},
    booktitle=SIGCOMM,
    year={2010},
 }

@inproceedings{mathy,
    author = {Egi, Norbert and Greenhalgh, Adam and Handley, Mark and Hoerdt, Mickael and Huici, Felipe and Mathy, Laurent and Papadimitriou, Panagiotis},
    title = {{Forwarding Path Architectures for Multicore Software Routers}},
    booktitle = PRESTO,
    year = {2010},
}


@misc{www-dpdk,
    key="Intel DPDK",
    title={{Packet Processing on Intel Architecture}},
    note={\url{http://www.intel.com/content/www/us/en/intelligent-systems/intel-} \url{technology/packet-processing-is-} \url{enhanced-with-software-from-intel-} \url{dpdk.html}},
    year=2013
}

@inproceedings{italians,
    title={On multi--gigabit packet capturing with multi--core commodity hardware},
    author={Bonelli, N. and Di Pietro, A. and Giordano, S. and Procissi, G.},
    booktitle=PAM,
    pages={64--73},
    year={2012},
    organization={Springer}
}

@misc{ddio,
    key="Intel DDIO",
    title={{Intel Data Direct I/O Technology}},
    note={\url{http://www.intel.com/content/www/us/en/io/direct-data-i-o.html}},
    year=2013
}


@inproceedings{protocol-oblivious-forwarding,
  title={Protocol-oblivious forwarding: unleash the power of SDN through a future-proof forwarding plane},
  author={Song, Haoyu},
  booktitle=HOTSDN,
  pages={127--132},
  year={2013},
  organization={ACM}
}


@inproceedings{hypercuts,
  title={Packet classification using multidimensional cutting},
  author={Singh, Sumeet and Baboescu, Florin and Varghese, George and Wang, Jia},
  booktitle=SIGCOMM,
  pages={213--224},
  year={2003},
  organization={ACM}
}

@inproceedings{hicuts,
  title={Packet classification using hierarchical intelligent cuttings},
  author={Gupta, Pankaj and McKeown, Nick},
  booktitle={Hot Interconnects VII},
  year={1999}
}


@inproceedings{efficuts,
  title={Efficuts: optimizing packet classification for memory and throughput},
  author={Vamanan, Balajee and Voskuilen, Gwendolyn and Vijaykumar, TN},
  booktitle={ACM SIGCOMM Computer Communication Review},
  volume={40},
  number={4},
  pages={207--218},
  year={2010},
  organization={ACM}
}

@inproceedings{onix,
       author = "T. Koponen and M. Casado and N. Gude and J. Stribling and L. Poutievski and M. Zhu and R. Ramanathan and Y. Iwata and H. Inoue and T. Hama and S. Shenker",
       title = {{Onix: A Distributed Control Platform for Large-scale Production Networks}},
       booktitle = OSDI,
       year = 2010
}

@MISC{ATT-announcement,
 title = {{AT\&T Launches Supplier Domain Program 2.0; Next-generation Supplier Program Facilitates AT\&T's Rapid Transformation to an Open, Cloud-based Network; New Vendor Relationships to be Added}},
 howpublished={\url{http://www.sdnzone.com/news/2013/09/24/7432707.htm/}},
}

@inproceedings{nfv,
  title={Network functions virtualisation: an introduction, benefits, enablers, challenges and call for action, introductory white paper},
  author={Guerzoni, R and others},
  booktitle={SDN and OpenFlow World Congress},
  year={2012}
}

@misc{rfc6708,
  author="S. Kiesel and S. Previdi and M. Stiemerling and R. Woundy and Y. Yang",
  title="{Application-Layer Traffic Optimization (ALTO) Requirements}",
  series="Request for Comments",
  number="6708",
  howpublished="RFC 6708 (Informational)",
  publisher="IETF",
  organization="Internet Engineering Task Force",
  year=2012,
  month=sep,
    url="http://www.ietf.org/rfc/rfc6708.txt",
}


@inproceedings{otto2012content,
  title={Content delivery and the natural evolution of DNS: remote dns trends, performance issues and alternative solutions},
  author={Otto, John S and S{\'a}nchez, Mario A and Rula, John P and Bustamante, Fabi{\'a}n E},
  booktitle={Proceedings of the 2012 ACM conference on Internet measurement conference},
  pages={523--536},
  year={2012},
  organization={ACM}
}


@inproceedings{fayazbakhsh2013less,
 author = {Fayazbakhsh, Seyed Kaveh and Lin, Yin and Tootoonchian, Amin and Ghodsi, Ali and Koponen, Teemu and Maggs, Bruce and Ng, K.C. and Sekar, Vyas and Shenker, Scott},
 title = {Less pain, most of the gain: incrementally deployable ICN},
 booktitle = SIGCOMM,
 year = {2013},
} 

@article{click,
 title = "{The Click modular router}",
 author = "Eddie Kohler and Robert Morris and Benjie Chen and John Jannotti and M. Frans Kaashoek",
 journal = TOCS,
 volume = 18,
 number = 3,
 month = aug,
 year = 2000,
 pages = {263--297},
}

@inproceedings{predictablesw,
  title={Toward predictable performance in software packet-processing platforms},
  author={Dobrescu, Mihai and Argyraki, Katerina and Ratnasamy, Sylvia},
  booktitle=NSDI,
  year={2012}
}

@inproceedings{netmap,
  title={netmap: a novel framework for fast packet I/O},
  author={Rizzo, Luigi},
  booktitle={Proc. of USENIX},
  year={2012},
  organization={USENIX Association}
}

@inproceedings{jen-multipath,
  title={Multipath protocol for delay-sensitive traffic},
  author={Javed, Umar and Suchara, Martin and He, Jiayue and Rexford, Jennifer},
  booktitle={Communication Systems and Networks and Workshops COMSNETS},
  pages={1--8},
  year={2009},
  organization={IEEE}
}

@article{jen-optimizable-proto,
  title={Don't optimize existing protocols, design optimizable protocols},
  author={He, Jiayue and Rexford, Jennifer and Chiang, Mung},
  journal=CCR,
  volume={37},
  number={3},
  pages={53--58},
  year={2007},
  publisher={ACM}
}

@MISC{Floodlight,
 title = {{Floodlight, Java-based OpenFlow Controller}},
 howpublished={\url{http://floodlight.openflowhub.org/}},
}

@MISC{ODL,
 title = {{OpenDaylight project}},
 howpublished={\url{http://www.opendaylight.org/}},
}


@MISC{pox,
 title = {{POX, Python-based OpenFlow Controller}},
 howpublished={\url{http://www.noxrepo.org/pox/about-pox/}},
 key={pox},
}


@MISC{mido,
 title = {{MidoNet}},
 howpublished={\url{http://www.midokura.com/midonet/}},
 key={midonet}
}

@inproceedings{virtualization,
  title={Virtualizing the network forwarding plane},
  author={Casado, Mart{\'\i}n and Koponen, Teemu and Ramanathan, Rajiv and Shenker, Scott},
  booktitle={Proc. of the Workshop on Programmable Routers for Extensible Services of Tomorrow},
  pages={8},
  year={2010},
  organization={ACM}
}

@article{vmware-netvirt,
  title={Network Virtualization in Multi-tenant Datacenters},
  author={Koponen, Teemu and Amidon, Keith and Balland, Peter and Casado, Mart{\'\i}n and Chanda, Anupam and Fulton, Bryan and Ganichev, Igor and Gross, Jesse and Gude, Natasha and Ingram, Paul and others},
  year={2013},
  journal = {VMWare Tech. Rep},
  publisher = {VMWare},
}

@inproceedings{incrementalconsistentupdate,
  title={Incremental consistent updates},
  author={Katta, Naga Praveen and Rexford, Jennifer and Walker, David},
  booktitle=HOTSDN,
  year={2013},
}

@inproceedings{mcgeer2012safe,
  title={A safe, efficient update protocol for openflow networks},
  author={McGeer, Rick},
  booktitle=HOTSDN,
  pages={61--66},
  year={2012},
  organization={ACM}
}


@article{flowtags,
  title={FlowTags: Enforcing Network-Wide Policies in the Presence of Dynamic Middlebox Actions},
  author={Fayazbakhsh, S and Sekar, Vyas and Yu, Minlan and Mogul, J},
  journal={Proc. HotSDN},
  year={2013}
}

@INPROCEEDINGS{hedera,
    author = {Mohammad Al-fares and Sivasankar Radhakrishnan and Barath Raghavan and Nelson Huang and Amin Vahdat},
    title = {Hedera: Dynamic flow scheduling for data center networks},
    booktitle = NSDI,
    year = {2010}
}


@article{openflow,
 author = {Nick McKeown and Tom Anderson and Hari Balakrishnan and Guru Parulkar and Larry Peterson and Jennifer  Rexford and Scott Shenker and Jonathan Turner},
 title = {{OpenFlow: Enabling Innovation in Campus Networks}},
 journal = CCR,
 volume = {38},
 number = {2},
 year = {2008},
 pages = {69--74},
}

@inproceedings{ethane,
 author = {Martin Casado and Michael J. Freedman and Justin Pettit and Jianying Luo and Nick McKeown and Scott Shenker},
 title = {{Ethane: Taking Control of the Enterprise}},
 booktitle = SIGCOMM,
 year = {2007},
}

@inproceedings{b4,
 author = {Jain, Sushant and Kumar, Alok and Mandal, Subhasree and Ong, Joon and Poutievski, Leon and Singh, Arjun and Venkata, Subbaiah and Wanderer, Jim and Zhou, Junlan and Zhu, Min and Zolla, Jon and H\"{o}lzle, Urs and Stuart, Stephen and Vahdat, Amin},
 title = {B4: experience with a globally-deployed software defined wan},
 booktitle = SIGCOMM,
 year = {2013},
} 

@inproceedings{routebricks,
  author = "Mihai Dobrescu and Norbert Egi and Katerina Argyraki and Byung-Gon Chun and Kevin Fall and Gianluca Iannaccone and Allan Knies and Maziar Manesh and Sylvia Ratnasamy",
  title = "{{RouteBricks}: Exploiting Parallelism to Scale Software Routers}",
  booktitle = {Proc. of {SOSP}},
  year = 2009
}

@inproceedings{fabric,
 author = {Mart\'{i}n Casado and Teemu Koponen and Scott Shenker and Amin Tootoonchian},
 title  = {{Fabric: A Retrospective on Evolving SDN}},
 booktitle   = "Proc. of HotSDN",
 month = aug,
 year = 2012
}

@inproceedings{dona,
 author = {Teemu Koponen and Mohit Chawla and Byung-Gon Chun and Andrey         Ermolinskiy and
Kye Hyun Kim and Scott Shenker and Ion Stoica},
 title = {{A Data-Oriented (and Beyond) Network Architecture}},
 booktitle = SIGCOMM,
 year = 2007,
 month = AUG
}

@inproceedings{sdia,
    title={{Software-Defined Internet Architecture: Decoupling Architecture from Infrastructure}},
    author={Raghavan, B. and Casado, M. and Koponen, T. and Ratnasamy, S. and Ghodsi, A. and Shenker, S.},
    booktitle={Proc. of HotNets},
    pages={43--48},
    year={2012},
}

@inproceedings{resonance,
  author    = {Ankur Kumar Nayak and
               Alex Reimers and
               Nick Feamster and
               Russell J. Clark},
  title     = {{Resonance: Dynamic Access Control for Enterprise Networks}},
  booktitle = {Proc. of SIGCOMM WREN},
  year      = {2009},
}

@inproceedings{ccn,
 author = {Jacobson, Van and others},

 title = {{Networking Named Content}},
 booktitle = CONEXT,
 year = {2009},
 comment_month = dec
}


@inproceedings{nice,
  title = {{A NICE Way to Test OpenFlow Applications}},
  author = {M. Canini and D. Venzano and P. Peresini and D. Kostic and J. Rexford},
  booktitle = NSDI,
  year = {2012},
}

@inproceedings{hsa,
    author = {Peyman Kazemian and George Varghese and Nick McKeown},
    title = {{Header Space Analysis: Static Checking for Networks}},
    booktitle = NSDI,
    year = {2012},
    month = apr
}

@inproceedings{Lantz:2010:NLR:1868447.1868466,
 author = {Lantz, Bob and Heller, Brandon and McKeown, Nick},
 title = {{A Network in a Laptop: Rapid Prototyping for Software-Defined Networks}},
  booktitle = photnets10,
  month = OCT,
  year = 2010
}

@inproceedings{anteater,
 author = {Mai, Haohui and others},
 title = {{Debugging the Data Plane with {A}nteater}},
 booktitle = psigcomm11,
 year = {2011}
}

@inproceedings{ofrewind,
    author = {Andreas Wundsam and Dan Levin and Srini Seetharaman and Anja Feldmann},
    title = {{O{F}{R}ewind: Enabling Record and Replay Troubleshooting for Networks}},
    booktitle = {Proc. of USENIX ATC},
    year = {2011},
    month = jun
}

@inproceedings{openvswitch,
  author = "Ben Pfaff and Justin Pettit and Teemu Koponen and Mart\'{i}n Casado and Scott Shenker",
  title = {{Extending Networking into the Virtualization Layer}},
  booktitle = photnets09,
  year = 2009
}


@inproceedings{sylviamidbox,
 author = {Justine Sherry and Shaddi Hasan and Colin Scott and Arvind Krishnamurthy and Sylvia
Ratnasamy and Vyas Sekar},
  title = {{Making Middleboxes Someone Else's Problem: Network Processing as a Cloud
Service}},
    booktitle = SIGCOMM,
     year = {2012},
}

@inproceedings{sylvia-evolution,
 author = {Ratnasamy, Sylvia and Shenker, Scott and McCanne, Steven},
 title = {{Towards an Evolvable Internet Architecture}},
 booktitle = psigcomm05,
 year = {2005},
}

@inproceedings{rbf,
    author = "Lucian Popa and Ion Stoica and Sylvia Ratnasamy",
    title = {Rule-based Forwarding ({RBF}): Improving the {Internet's} flexibility and security},
    booktitle = HOTNETS,
    comment_month = OCT,
    year = 2009
    }


@inproceedings{comb,
    title={Design and implementation of a consolidated middlebox architecture},
    author={Sekar, V. and Egi, N. and Ratnasamy, S. and Reiter, M.K. and Shi, G.},
    booktitle={Proc. of NSDI},
    year={2012}
}


@techreport{netcall,
  author = {Justine Sherry and Daniel C. Kim and Seshadri S. Mahalingam and Amy Tang and Steve Wang and Sylvia Ratnasamy},
  title = {{Netcalls: End Host Function Calls to Network Traffic Processing Services}},
    Institution = {UCB},
    Year = {2012},
    Number = {EECS-2012-175},
}

@inproceedings{lfn,
  author    = {Hari Balakrishnan and
               Karthik Lakshminarayanan and
               Sylvia Ratnasamy and
               Scott Shenker and
               Ion Stoica and
               Michael Walfish},
  title     = {A layered naming architecture for the internet},
  booktitle = {SIGCOMM},
  year      = {2004},
  comment_pages     = {343-352},
  ee        = {http://doi.acm.org/10.1145/1015467.1015505},
  crossref  = {DBLP:conf/sigcomm/2004},
  bibsource = {DBLP, http://dblp.uni-trier.de}
}

@INPROCEEDINGS{bgpupdates, 
author={Qiang Wu and Yong Liao and Wolf, T. and Lixin Gao}, 
booktitle={Workload Characterization, 2007. IISWC 2007. IEEE 10th International Symposium on}, 
title={Benchmarking {BGP} Routers}, 
year={2007}, 
month={sept.}, 
volume={}, 
number={}, 
pages={79 -88}, 
keywords={Border Gateway Protocol;commercial router;computer networks;dual-core workstation;embedded network processor;forwarding traffic;unicore workstation;computer networks;protocols;telecommunication network routing;}, 
ISSN={},}


@incollection {partialbetter,
   author = {Charron-Bost, Bernadette and Welch, Jennifer and Widder, Josef},
   affiliation = {CNRS France},
   title = {Link Reversal: How to Play Better to Work Less},
   booktitle = {Algorithmic Aspects of Wireless Sensor Networks},
   series = {Lecture Notes in Computer Science},
   editor = {Dolev, Shlomi},
   publisher = {Springer Berlin / Heidelberg},
   keyword = {Computer Science},
   pages = {88-101},
   volume = {5804},
   year = {2009}
}

@article{welch2011link,
  title={Link reversal algorithms},
  author={Welch, J.L. and Walter, J.E.},
  journal={Synthesis Lectures on Distributed Computing Theory},
  volume={2},
  number={3},
  pages={1--103},
  year={2011},
  publisher={Morgan \& Claypool Publishers}
}

@note{ddc-hotnets-blind,
  note="Removed for double blind review",
  year="2011"
}

@inproceedings{lynch-lecture,
  author="Nancy Lynch",
  title={Link-reversal algorithms},
  booktitle={MIT 6.895 lecture notes},
  month="April",
  year="2006",
  note={\url{http://courses.csail.mit.edu/6.885/spring06/notes/lect14a.pdf}}
  }

@inproceedings{consensus,
 author = {John, John P. and Katz-Bassett, Ethan and Krishnamurthy, Arvind and Anderson, Thomas and Venkataramani, Arun},
 title = {Consensus routing: the internet as a distributed system},
 booktitle = {Proceedings of the 5th USENIX Symposium on Networked Systems Design and Implementation},
 series = {NSDI'08},
 year = {2008},
 isbn = {111-999-5555-22-1},
 location = {San Francisco, California},
 pages = {351--364},
 numpages = {14},
 url = {http://portal.acm.org/citation.cfm?id=1387589.1387614},
 acmid = {1387614},
 publisher = {USENIX Association},
 address = {Berkeley, CA, USA},
} 

@inproceedings{4d,
    author = {Albert Greenberg and Gisli Hjalmtysson and David A. Maltz 
        and Andy Myers and Jennifer Rexford and Geoffrey Xie and Hong Yan 
            and Jibin Zhan and Hui Zhang},
    title = "{A Clean Slate 4D Approach to Network Control and Management}",
    booktitle = CCR,
    year = {2005},
}

@inproceedings{rcp,
 author = {Matthew Caesar and Donald Caldwell and Nick Feamster and Jennifer Rexford and Aman Shaikh and Jacobus van der Merwe},
 title = {Design and implementation of a routing control platform},
 booktitle = NSDI,
 year = {2005},
 }

  @misc{bfoit,
  title={{Berkeley Foundation for Opportunities in Information Technology}},
  note={http://www.bfoit.org/}
  }

@MISC{lrrv,
    author = {Miia Vainio},
    title = {Link Reversal Routing},
    howpublished = "preprint",
    year = {}
}
@ARTICLE{gafni,
    author = {Eli M. Gafni and Dimitri P. Bertsekas},
    title = {Distributed algorithms for generating loop-free routes in networks with frequently changing topology},
    journal = {IEEE Transactions on Communications},
    year = {1981},
}
@inproceedings{wg03,
	author="F. Wang and L. Gao",
	title="On inferring and characterizing Internet
routing policies", 
    booktitle = "IMC",
	year=2003
	}

@inproceedings{yang06,
	author="Xiaowei Yang and David Wetherall",
	title="Source selectable path diversity via routing deflections",
    booktitle = "SIGCOMM",
	year=2006
	}

@inproceedings{xu06miro,
	author="Wen Xu and Jennifer Rexford",
	title="{MIRO: Multi-path Interdomain ROuting}",
    booktitle = "SIGCOMM",
	year=2006
	}
 
@inproceedings{r-bgp,
	author="N. Kushman and S. Kandula and D. Katabi and B. Maggs",
	title="{R-BGP}: Staying Connected in a Connected World", 
    booktitle = "NSDI",
	year=2007
	}


@inproceedings{wmmwgb06,
 author = {Wang, Feng and Mao, Zhuoqing Morley and Wang, Jia and Gao, Lixin and Bush, Randy},
 title = {A measurement study on the impact of routing events on end-to-end internet path performance},
 booktitle = {SIGCOMM},
 year = {2006}
 }

@conference{LRR97,
  title={{A Highly Adaptive Distributed Routing Algorithm for Mobile Wireless Networks}},
  author={Park, V.D. and Corson, M.S.},
  booktitle={INFOCOM},
    year={1997},
}

@article{dsdv,
  title={{Highly dynamic destination-sequenced distance-vector routing (DSDV) for mobile computers}},
  author={Perkins, C.E. and Bhagwat, P.},
  journal={CCR},
  volume={24},
  number={4},
    year={1994},
    }

@conference{LRR03,
  title={{Analysis of link reversal routing algorithms for mobile ad hoc networks}},
  author={Busch, C. and Surapaneni, S. and Tirthapura, S.},
  booktitle={SPAA},
    year={2003},
}
@article{nox,
  title={{NOX: towards an operating system for networks}},
  author={Gude, N. and Koponen, T. and Pettit, J. and Pfaff, B. and Casado, M. and McKeown, N. and Shenker, S.},
  journal=CCR,
  year={2008}
}

@article{mplsfrr,
  title={{RFC 4090 Fast Reroute Extensions to RSVP-TE for LSP Tunnels}},
  author={Pan, P. and Swallow, G. and Atlas, A.},
  year={May 2005}
}

@misc{rst,
	TITLE = {{IEEE 802.1W Rapid Reconfiguration of Spanning Tree}},
	NOTE = {http://www.ieee802.org/1/pages/802.1w.html}
}
@conference{viking,
  title={{Viking: a multi-spanning-tree Ethernet architecture for metropolitan area and cluster networks}},
  author={Sharma, S. and Gopalan, K. and Nanda, S. and Chiueh, T.},
  booktitle={INFOCOM},
  year={2004}
}

@article{ecmp,
  title={{Analysis of an Equal-Cost Multi-Path Algorithm}},
  author={Hopps, C.},
  journal={RFC 2992},
}

@article{ipFRR,
  title={{IP Fast Reroute Framework}},
  author={Shand, M. and Bryant, S.},
  journal={IETF Draft},
  year={2007}
}

@article{Lisp,
  title={{Locator/ID Separation Protocol (LISP)}},
  author={D. Farinacci and V. Fuller and D. Meyer and D. Lewis},
  journal={IETF Draft},
  year={2009}
}


@conference{fcp,
  title={{Achieving convergence-free routing using failure-carrying packets}},
  author={Lakshminarayanan, K. and Caesar, M. and Rangan, M. and Anderson, T. and Shenker, S. and Stoica, I.},
  booktitle={SIGCOMM},
    year={2007},
}

@ conference{dcell,
  title={{DCell: A Scalable and Fault-Tolerant Network Structure for Data Centers}},
  author={Guo, C. and Wu, H. and Tan, K. and Shi, L. and Zhang, Y. and Lu, S.},
  booktitle={SIGCOMM},
  year={2009},
}

@conference{cmuEther,
  title={{Rethinking the service model: Scaling Ethernet to a million nodes}},
  author={Myers, A. and Ng, E. and Zhang, H.},
  booktitle={HotNets},
  year={2004},
}
@conference{fattree,
  title={{A scalable, commodity data center network architecture}},
  author={Al-Fares, M. and Loukissas, A. and Vahdat, A.},
  booktitle={SIGCOMM},
    year={2008},
}
@conference{monsoon,
  title={{Towards a next generation data center architecture: Scalability and commoditization}},
  author={Greenberg, A. and Lahiri, P. and Maltz, D.A. and Patel, P. and Sengupta, S.},
  booktitle=PRESTO,
    year={2008},
}

@book{ciscodc,
  title={{Data center fundamentals}},
  author={Arregoces, M. and Portolani, M.},
  year={2003},
  publisher={Cisco Press}
}

@conference{PathSplicing,
	Title = {Path splicing},
	Author = {Murtaza Motiwala and Megan Elmore and Nick Feamster and Santosh Vempala},
	Booktitle = {SIGCOMM},
	Year = {2008},
}

@conference{Floodless,
	Address = {New York, NY, USA},
	Author = {Changhoon Kim and Matthew Caesar and Jennifer Rexford},
	Booktitle = {SIGCOMM},
		Title = {Floodless in seattle: a scalable ethernet architecture for large enterprises},
	Year = {2008},
}
@conference{texcp,
  title={{TeXCP: Responsive yet stable traffic engineering}},
  author={Kandula, S. and Katabi, D. and Davie, B. and Charney, A.},
  booktitle={SIGCOMM},
  year={2005}
}
@conference{jrexlb,
  title={{Cooperative content distribution and traffic engineering in an ISP network}},
  author={Jiang, W. and Zhang-Shen, R. and Rexford, J. and Chiang, M.},
  booktitle={SIGMETRICS},
  year={2009}
}
@misc{TRILL,
  title={{Transparent Interconnection of Lots of Links (TRILL): Problem and Applicability Statement (RFC 5556)}},
  note={http://www.ietf.org/rfc/rfc5556.txt}
  }
  @conference{vl2,
  title={{VL2: A Scalable and Flexible Data Center Network}},
  author={Greenberg, A. and Hamilton, J.R. and Jain, N. and Kandula, S. and Kim, C. and Lahiri, P. and Maltz, D.A. and Patel, P. and Sengupta, S.},
  year={2009},
  booktitle={SIGCOMM}
}
  @conference{lv2,
  title={{VL2: A Scalable and Flexible Data Center Network}},
  author={Greenberg, A. and Hamilton, J.R. and Jain, N. and Kandula, S. and Kim, C. and Lahiri, P. and Maltz, D.A. and Patel, P. and Sengupta, S.},
  year={2009},
  booktitle={SIGCOMM}
}
@ conference{ucsd2,
  title={{PortLand: A Scalable Fault-Tolerant Layer 2 Data Center Network Fabric}},
  author={Mysore, R.N. and Pamboris, A. and Farrington, N. and Huang, N. and Miri, P. and Radhakrishnan, S. and Subramanya, V. and Vahdat, A.},
   year={2009},
  booktitle={SIGCOMM}
}

@misc{safely,
  title={{Stable Internet Route Selection}},
  author={P. Brighten Godfrey and Matthew Caesar and Ian Haken and Scott Shenker and Ion Stoica},
  note={http://www.cs.uiuc.edu/homes/pbg/papers/srs-nanog40.pdf}
  }
 
 
 @misc{yamr,
  title={{YAMR: Yet Another Multipath Routing Protocol}},
  author={Igor Ganichev and Dai BIn and Philip Brighten Godfrey and Scott Shenker},
  note={http://www.eecs.berkeley.edu/Pubs/TechRpts/2009/EECS-2009-150.pdf}
  } 
  
@conference{anomaly,
  title={{Reducing Transient Disconnectivity using Anomaly-Cognizant Forwarding}},
  author={Andrey Ermolinskiy and Scott Shenker},
  booktitle={HotNets},
  year={2008},
}  

@conference{pathlet-hotnets,
  title={{Pathlet Routing}},
  author={P. B. Godfrey and S. Shenker and I. Stoica},
  booktitle={HotNets},
  year={2008},
}  

@inproceedings{pathlet-sigcomm,
  author    = {Brighten Godfrey and
               Igor Ganichev and
               Scott Shenker and
               Ion Stoica},
  title     = {Pathlet routing},
  booktitle = {SIGCOMM},
  year      = {2009},
 
}

@inproceedings{cache,
  author    = {Ashok Anand and
               Archit Gupta and
               Aditya Akella and
               Srinivasan Seshan and
               Scott Shenker},
  title     = {Packet caches on routers: the implications of universal
               redundant traffic elimination},
  booktitle = {SIGCOMM},
  year      = {2008},
  
}

@inproceedings{cope,
  author    = {Hao Wang and
               Haiyong Xie 0002 and
               Lili Qiu and
               Yang Richard Yang and
               Yin Zhang and
               Albert G. Greenberg},
  title     = {COPE: traffic engineering in dynamic networks},
  booktitle = {SIGCOMM},
  year      = {2006},
}

@inproceedings{oblivious,
  author    = {David Applegate and
               Edith Cohen},
  title     = {Making intra-domain routing robust to changing and uncertain
               traffic demands: understanding fundamental tradeoffs},
  booktitle = {SIGCOMM},
  year      = {2003},
}

@article{transientloops,
  author    = {Pierre Fran\c{c}ois and
               Olivier Bonaventure},
  title     = {Avoiding transient loops during the convergence of link-state
               routing protocols},
  journal   = {IEEE/ACM Trans. Netw.},
  volume    = {15},
  number    = {6},
  year      = {2007},
  pages     = {1280-1292},
}

@inproceedings{routingevents,
  author    = {Feng Wang and
               Zhuoqing Morley Mao and
               Jia Wang and
               Lixin Gao and
               Randy Bush},
  title     = {A measurement study on the impact of routing events on end-to-end
               internet path performance},
  booktitle = {SIGCOMM},
  year      = {2006},
}

@inproceedings{aip-sigcomm,
  author    = {David G. Andersen and
               Hari Balakrishnan and
               Nick Feamster and
               Teemu Koponen and
               Daekyeong Moon and
               Scott Shenker},
  title     = {{Accountable internet protocol (AIP)}},
  booktitle = {SIGCOMM},
  year      = {2008},
}

  @misc{superb,
  title={{Summer Undergraduate Program in Engineering Research at Berkeley}},
  note={http://www.eecs.berkeley.edu/Programs/ugrad/superb/superb.html}
  }
  
  @MISC{jen-new,
    author = {Martin Suchara and Dahai Xu and Robert Doverspike and David Johnson and Jennifer Rexford},
    title = {Simple Failure Resilient Load Balancing},
    howpublished = "preprint",
    year = {2009}
}

@inproceedings{ramp,
 author = {Ellithorpe, Jonathan D. and Tan, Zhangxi and Katz, Randy H.},
 title = {Internet-in-a-Box: emulating datacenter network architectures using FPGAs},
 booktitle = {DAC '09: Proceedings of the 46th Annual Design Automation Conference},
 year = {2009},
 }
@misc{opencirrus,
  title={{Open Cirrus}},
  note={http://opencirrus.org/}
  }
  

@misc{rfc4915,
  title={{P. Pillay-Esnault," Multi-Topology (MT) Routing in OSPF (RFC 4915)}},
  author={Psenak, P. and Mirtorabi, S. and Roy, A. and Nguyen, L.},
  note={http://www.ietf.org/rfc/rfc4915.txt}
} 

@conference{menthMT,
  title={{Network resilience through multi-topology routing}},
  author={Menth, M. and Martin, R.},
  booktitle={The 5th International Workshop on Design of Reliable Communication Networks},
  pages={271--277}
}
@conference{kvalbeinMT,
  title={{Fast IP network recovery using multiple routing configurations}},
  author={Kvalbein, A. and Hansen, AF and Cicic, T. and Gjessing, S. and Lysne, O.},
  booktitle={INFOCOM 2006},
  pages={1--11},
  isbn={1424402212},
  issn={0743-166X},
  year={2007},
  organization={IEEE}
}
@conference{kiniMT,
  title={{Fast recovery from dual link failures in IP networks}},
  author={Kini, S. and Ramasubramanian, S. and Kvalbein, A. and Hansen, A.F.},
  booktitle={INFOCOM 2009},
  pages={1368--1376},
  issn={0743-166X},
  year={2009},
  organization={IEEE}
}
@article{cicicMT,
  title={{Relaxed multiple routing configurations: IP fast reroute for single and correlated failures}},
  author={Cicic, T. and Hansen, AF and Kvalbein, A. and Hartmann, M. and Martin, R. and Menth, M. and Gjessing, S. and Lysne, O.},
  journal={Network and Service Management, IEEE Transactions on},
  volume={6},
  number={1},
  pages={1--14},
  issn={1932-4537},
  year={2009},
  publisher={IEEE}
}

@conference{EIGRP,
  title={{EIGRP-a fast routing protocol based on distance vectors}},
  author={Albrightson, R. and Garcia-Luna-Aceves, JJ and Boyle, J.},
  booktitle={Proc. Networld/Interop},
  volume={94},
  year={1994}
}
@article{garciaDUAL,
  title={{Loop-free routing using diffusing computations}},
  author={Garcia-Lunes-Aceves, JJ},
  journal={IEEE/ACM Transactions on Networking (TON)},
  volume={1},
  number={1},
  pages={130--141},
  issn={1063-6692},
  year={1993},
  publisher={IEEE Press}
}
@conference{zaumenDUAL,
  title={{Area-based, loop-free internet routing}},
  author={Garcia-Luna-Aceves, J.J. and Zaumen, W.T.},
  booktitle={INFOCOM'94. Networking for Global Communications., 13th Proceedings IEEE},
  pages={1000--1008},
  isbn={0818655704},
  year={2002},
  organization={IEEE}
}
@conference{vutukuryDUAL,
  title={{MDVA: A distance-vector multipath routing protocol}},
  author={Vutukury, S. and Garcia-Luna-Aceves, J.J.},
  booktitle={INFOCOM 2001. Twentieth Annual Joint Conference of the IEEE Computer and Communications Societies. Proceedings. IEEE},
  volume={1},
  pages={557--564},
  isbn={0780370163},
  year={2002},
  organization={IEEE}
}
@article{rayDAG,
  title={{Always acyclic distributed path computation}},
  author={Ray, S. and Gu{\'e}rin, R. and Kwong, K.W. and Sofia, R.},
  journal={IEEE/ACM Transactions on Networking (ToN)},
  volume={18},
  number={1},
  pages={307--319},
  issn={1063-6692},
  year={2010},
  publisher={IEEE Press}
}
@conference{kwongDAG,
  title={{On the feasibility and efficacy of protection routing in IP networks}},
  author={Kwong, K.W. and Gao, L. and Gu{\'e}rin, R. and Zhang, Z.L.},
  booktitle={INFOCOM, 2010},
  pages={1--9},
  issn={0743-166X},
  year={2010},
  organization={IEEE}
}
@article{kwongDAG2,
  title={{Balancing performance, robustness and flexibility in routing systems}},
  author={Kwong, K.W. and Gu{\'e}rin, R. and Shaikh, A. and Tao, S.},
  journal={Network and Service Management, IEEE Transactions on},
  volume={7},
  number={3},
  pages={186--199},
  issn={1932-4537},
  year={2010},
  publisher={IEEE}
}

@conference{Dovrolis09,
  title={{Multipath load-adaptive routing: putting the emphasis on robustness and simplicity}},
  author={Kvalbein, A. and Dovrolis, C. and Muthu, C.},
  booktitle={Network Protocols, 2009. ICNP 2009. 17th IEEE International Conference on},
  pages={203--212},
  issn={1092-1648},
  year={2009},
  organization={IEEE}
}

@conference{reichertOutTwo,
  title={{Two routing algorithms for failure protection in IP networks}},
  author={Reichert, C. and Glickmann, Y. and Magedanz, T.},
  booktitle={Computers and Communications, 2005. ISCC 2005. Proceedings. 10th IEEE Symposium on},
  pages={97--102},
  isbn={0769523730},
  issn={1530-1346},
  year={2005},
  organization={IEEE}
}

@conference{reichertOutTwo2,
  title={{Topology requirements for resilient IP networks}},
  author={Reichert, C. and Magedanz, T.},
  booktitle={MMB \& PGTS 2004: 12th GI/ITG Conference on Measuring, Modelling, and Evaluation of Computer and Communication Systems (MMB) together with 3rd Polish-German Teletraffic Symposium (PGTS), September 12-15, 2004, Dresden, Germany},
  pages={379},
  isbn={3800728516},
  year={2004},
  organization={Margret Schneider}
}

@article{LPoptimal,
  title={{Increasing internet capacity using local search}},
  author={Fortz, B. and Thorup, M.},
  journal={Computational Optimization and Applications},
  volume={29},
  number={1},
  pages={13--48},
  year={2004},
  publisher={Springer}
}

@inproceedings{Mara,
  author    = {Yasuhiro Ohara and
               Shinji Imahori and
               Rodney Van Meter},
  title     = {MARA: Maximum Alternative Routing Algorithm},
  booktitle = {INFOCOM},
  year      = {2009},
  pages     = {298-306},
  ee        = {http://dx.doi.org/10.1109/INFCOM.2009.5061933},
  crossref  = {DBLP:conf/infocom/2009},
  bibsource = {DBLP, http://dblp.uni-trier.de}
}
@proceedings{DBLP:conf/infocom/2009,
  title     = {INFOCOM 2009. 28th IEEE International Conference on Computer
               Communications, Joint Conference of the IEEE Computer and
               Communications Societies, 19-25 April 2009, Rio de Janeiro,
               Brazil},
  booktitle = {INFOCOM},
  publisher = {IEEE},
  year      = {2009},
  bibsource = {DBLP, http://dblp.uni-trier.de}
}

@article{LMR,
  author    = {M. Scott Corson and
               Anthony Ephremides},
  title     = {A distributed routing algorithm for mobile wireless networks},
  journal   = {Wireless Networks},
  volume    = {1},
  number    = {1},
  year      = {1995},
  pages     = {61-81},
  bibsource = {DBLP, http://dblp.uni-trier.de}
}

@inproceedings{fart,
 author = "Martin Suchara and Dahai Xu and Robert Doverspike and David Johnson and Jennifer Rexford",
 title = "Network Architecture for Joint Failure Recovery and Traffic Engineering",
 booktitle = "Proc. ACM SIGMETRICS",
 month = JUN,
 year = 2011
}

 @inproceedings{spain,
    author = "Jayaram Mudigonda and Praveen Yalagandula and Mohammad Al-Fares and Jeffrey C. Mogul",
    title = "{SPAIN}: {COTS} Data-Center Ethernet for Multipathing over Arbitrary Topologies",
    booktitle = "Proc. Networked Systems Design and Implementation",
    month = APR,
    year = 2010
}

@inproceedings{recycle,
  title={Packet re-cycling: eliminating packet losses due to network failures},
  author={Lor, S.S. and Landa, R. and Rio, M.},
  booktitle={HotNets IX},
  pages={2},
  year={2010},
  organization={ACM}
}
 
@MISC{Pettit_virtualswitching,
    author = {Justin Pettit and Jesse Gross and Ben Pfaff and Martin Casado and Simon Crosby},
    title = {Virtual Switching in an Era of Advanced Edges},
    year = {}
}

@MISC{ns3,
    title = {ns-3},
    howpublished = "\url{http://www.nsnam.org/}"
}

@MISC{pakistan2011,
    title = {Renesys Blog: {L}arge {O}utage in {P}akistan},
    howpublished = "Retreived September 18, 2012: \url{http://www.renesys.com/blog/2011/10/large-outage-in-pakistan.shtml}",
    year={2011},
    author={Doug Madory}
}

@MISC{emea2008,
    title = {Threat {L}evel: Fiber {O}ptic {C}able {C}uts {I}solate {M}illions {F}rom {I}nternet},
    howpublished = "Retreived September 18, 2012: \url{http://www.wired.com/threatlevel/2008/01/fiber-optic-cab/}",
    year={2008},
    author={Ryan Singel}
}

@MISC{sprint2006,
    title = {'{D}ual' fiber cut causes {S}print outage},
    howpublished = "Retreived September 18, 2012: \url{http://connectedplanetonline.com/access/news/Sprint_service_outage_011006/}",
    year={2006},
    author={Carol Wilson}
}

@MISC{wiki2012,
    title = {{W}ikitech: Site issue {A}ug 6 2012},
    howpublished = "Retreived September 18, 2012: \url{http://wikitech.wikimedia.org/view/Site_issue_Aug_6_2012}",
    year={2012},
    author={}
}

@MISC{level3,
    title = {The 10 {M}ost {B}izarre and {A}nnoying {C}auses of {F}iber {C}uts},
    howpublished = "Retreived September 18, 2012: \url{http://goo.gl/ASy02}",
    year={2011},
    author={Doug Madory}
}

@MISC{64wayecmp,
    title = {{C}isco {N}exus 3064-{X} and 3064-{T} {S}witches},
    howpublished = "Datasheet: \url{goo.gl/E3Wqm}",
    year={2012},
    author={Cisco Systems, Inc.}
}


@MISC{iperf,
    title = {iperf},
    howpublished = "\url{http://code.google.com/p/iperf/}"
}

@inproceedings{Lantz:2010:NLR:1868447.1868466,
 author = {Lantz, Bob and Heller, Brandon and McKeown, Nick},
 title = {A network in a laptop: rapid prototyping for software-defined networks},
 booktitle = HOTNETS,
 series = {Hotnets '10},
 year = {2010},
 isbn = {978-1-4503-0409-2},
 location = {Monterey, California},
 pages = {19:1--19:6},
 articleno = {19},
 numpages = {6},
 url = {http://doi.acm.org/10.1145/1868447.1868466},
 doi = {http://doi.acm.org/10.1145/1868447.1868466},
 acmid = {1868466},
 publisher = {ACM},
 address = {New York, NY, USA},
 keywords = {emulation, open-flow, rapid prototyping, software defined networking, virtualization},
} 

@INPROCEEDINGS{Spring02measuringisp,
    author = {Neil Spring and Ratul Mahajan and David Wetherall},
    title = {Measuring ISP Topologies with Rocketfuel},
    booktitle = {In Proc. ACM SIGCOMM},
    year = {2002},
    pages = {133--145}
}

@inproceedings{ddc-hotnets, 
 author = {Liu, Junda and Yan, Baohua and Shenker, Scott and Schapira, Michael},
 title = {Data-driven network connectivity},
 booktitle = {Proceedings of the 10th ACM Workshop on Hot Topics in Networks},
 series = {HotNets '11},
 year = {2011},
 isbn = {978-1-4503-1059-8},
 location = {Cambridge, Massachusetts},
 pages = {8:1--8:6},
 articleno = {8},
 numpages = {6},
 url = {http://doi.acm.org/10.1145/2070562.2070570},
 doi = {http://doi.acm.org/10.1145/2070562.2070570},
 acmid = {2070570},
 publisher = {ACM},
 address = {New York, NY, USA},
} 


@article{newbook,
	Author = {Welch, Jennifer L. and Walter, Jennifer E.},
	Journal = {Synthesis Lectures on Distributed Computing Theory},
	Month = {2012/01/27},
	Number = {3},
	Pages = {1--103},
	Title = {Link Reversal Algorithms},
	Volume = {2},
	Year = {2011}}

@inproceedings{podc,
  author    = {Joan Feigenbaum and P. Brighten Godfrey and Aurojit Panda and Michael Schapira and Scott Shenker and Ankit Singla},
  title     = {On the Resilience of Routing Tables},
  booktitle = {Brief announcement, 31st Annual ACM SIGACT-SIGOPS Symposium on Principles of Distributed Computing (PODC)},
  month     = {July},
  year      = {2012},
}

@MISC{mplsfrr,
    title = {{F}ast {R}eroute {E}xtensions to {RSVP}-{TE} for {LSP} {T}unnels},
    author = {P. Pan and G. Swallow and A. Atlas},                                    
    howpublished = {RFC 4090}
}

@inproceedings{simple,
 author = {Qazi, Zafar Ayyub and Tu, Cheng-Chun and Chiang, Luis and Miao, Rui and Sekar, Vyas and Yu, Minlan},
 title = {{SIMPLE-fying Middlebox Policy Enforcement Using SDN}},
 booktitle = SIGCOMM,
 year = {2013},
 pages = {27--38},
 organization={ACM}
}

@MISC{aerofs,
  title = {{AeroFS: Private Cloud File Sync and Share}},
  howpublished = {\url{http://www.aerofs.com/}},
  key = {aerofs},
}

@MISC{sip,
    title = {{SIP: Session Initiation Protocol}},
    author = {J. Rosenberg and H. Schulzrinne and G. Camarillo and A. Johnston and J. Peterson and R. Sparks and M. Handley and E. Schooler},                                    
    howpublished = {RFC 3261},
    key = {sip},
}

@inproceedings{flatworld,
 author = {Kim, Changhoon and Caesar, Matthew and Gerber, Alexandre and Rexford, Jennifer},
 title = {{Revisiting Route Caching: The World Should Be Flat}},
 booktitle = {Proc. of the 10th International Conference on Passive and Active Network Measurement},
 year = {2009},
} 

@inproceedings{panda2013cap,
  title={CAP for Networks},
  author={Panda, Aurojit and Scott, Colin and Ghodsi, Ali and Koponen, Teemu and Shenker, Scott},
  series={HotSDN},
  year={2013}
}

@inproceedings{samimi2008dynamis,
  title={Dynamis: Dynamic Overlay Service Composition for Distributed Stream Processing.},
  author={Samimi, Farshad A and McKinley, Philip K},
  series={SEKE},
  year={2008}
}

@inproceedings{oppenheimer2006service,
  title={Service Placement in a Shared Wide-Area Platform.},
  author={Oppenheimer, David and Chun, Brent and Patterson, David and Snoeren, Alex C and Vahdat, Amin},
  series={USENIX ATC},
  year={2006}
}

@MISC{larry,
  title={{OpenCloud}},
  howpublished={Retrieved 07/16/2014: \url{http://opencloud.us/}},
  key={OpenCloud}}
  
@inproceedings{sidirourgos2011sciborq,
  title={SciBORQ: Scientific data management with Bounds On Runtime and Quality.},
  author={Sidirourgos, Lefteris and Kersten, Martin L and Boncz, Peter A},
  series={CIDR},
  year={2011}
}
  